@misc{lab_manual,
  author={{Istanbul University, Department of Physics}},
  title={Optics Laboratory Experiments Manual},
  year={n.d.},
  note={Department of Physics, Istanbul University}
}

@misc{github,
  author={Ä°brahim},
  title={Source code and additional experiments for LAB Reports},
  year={2025},
  howpublished={\url{https://github.com/ibeuler/LAB-Reports}},
}

@misc{mustansiriyah_wavefront,
  author={{University of Mustansiriyah}},
  title={Physics Optics: Interference by Division of Wavefront -2-},
  year={n.d.},
  url={http://uomustansiriyah.edu.iq/media/lectures/6/6_2017_12_06!01_54_38_PM.pdf},
  note={Accessed: 2025-04-26}
}

